<record><leader>00000cas a22000007a 4500</leader><controlfield tag="001">10654241</controlfield><controlfield tag="008">840423d17931794mdudn ne      0    0eng d</controlfield><datafield ind1=" " ind2=" " tag="010"><subfield code="a">sn 84031101 </subfield></datafield><datafield ind1=" " ind2=" " tag="040"><subfield code="a">NYG</subfield><subfield code="b">eng</subfield><subfield code="c">NYG</subfield><subfield code="d">NPX</subfield><subfield code="d">MFN</subfield><subfield code="d">KRTAS</subfield><subfield code="d">OCLCQ</subfield></datafield><datafield ind1=" " ind2=" " tag="042"><subfield code="a">msc</subfield></datafield><datafield ind1="0" ind2="0" tag="245"><subfield code="a">Edwards's Baltimore daily advertiser.</subfield></datafield><datafield ind1="3" ind2="0" tag="246"><subfield code="a">Edward's' Balt. daily advertiser</subfield></datafield><datafield ind1="3" ind2="0" tag="246"><subfield code="a">Baltimore daily advertiser</subfield></datafield><datafield ind1="1" ind2="3" tag="246"><subfield code="a">Edwards's daily advertiser</subfield></datafield><datafield ind1=" " ind2=" " tag="260"><subfield code="a">Baltimore [Md.] :</subfield><subfield code="b">Printed by Philip Edwards</subfield></datafield><datafield ind1=" " ind2=" " tag="300"><subfield code="a">v.</subfield></datafield><datafield ind1=" " ind2=" " tag="310"><subfield code="a">Daily (except Sun.)</subfield></datafield><datafield ind1="1" ind2=" " tag="362"><subfield code="a">Began in Oct. 1793; ceased in 1794.</subfield></datafield><datafield ind1=" " ind2=" " tag="500"><subfield code="a">Published as: Edwards's Balt. daily advertiser, Nov. 1-20, 1794; Edwards's daily advertiser, Dec. 18, 1794.</subfield></datafield><datafield ind1=" " ind2=" " tag="588"><subfield code="a">Description based on: Vol. 2, no. 400 (Oct. 29, 1793).</subfield></datafield><datafield ind1=" " ind2=" " tag="752"><subfield code="a">United States</subfield><subfield code="b">Maryland</subfield><subfield code="d">Baltimore.</subfield></datafield><datafield ind1="0" ind2="0" tag="780"><subfield code="t">Baltimore evening post (Baltimore, Md. : 1792)</subfield><subfield code="w">(DLC)sn 85025137</subfield></datafield><datafield ind1="0" ind2="7" tag="785"><subfield code="t">Maryland journal, and the Baltimore advertiser</subfield><subfield code="w">(DLC)sn 84020149</subfield></datafield><datafield ind1="0" ind2="7" tag="785"><subfield code="t">Maryland journal, and Baltimore universal daily advertiser</subfield><subfield code="w">(DLC)sn 85025138</subfield></datafield><datafield ind1=" " ind2=" " tag="938"><subfield code="a">Kirtas Technologies, Inc.</subfield><subfield code="b">KRTS</subfield><subfield code="n">738380</subfield></datafield></record>